% This file was created with JabRef 2.10b2.
% Encoding: UTF-8


@Book{Oeksendal,
  Title                    = {Stochastic differential equations: an introduction with applications},
  Author                   = {B. K. {\O}ksendal},
  Publisher                = {Springer},
  Year                     = {1998},
  Edition                  = {Fifth},

  ISBN                     = {9783540047582}
}

@Article{A.B.Gumel2004,
  Title                    = {Effect of a preventive vaccine on the dynamics of the HIV transmission,},
  Author                   = {A. B. Gumel, S. M. Maghadas, and R. E. Mickens},
  Journal                  = {Communications in Nonlinear Science and Numerical Simulation},
  Year                     = {2004},
  Pages                    = {649-659.},
  Volume                   = {9},

  Owner                    = {salami},
  Timestamp                = {2011.07.10}
}

@Book{allen1999computer,
  Title                    = {Computer simulation of liquids},
  Author                   = {M.P. Allen and D. J. Tildesley},
  Publisher                = {Clarendon Press},
  Year                     = {1999}
}

@Article{appleby2010preserving,
  Title                    = {{Preserving positivity in solutions of discretised stochastic differential equations}},
  Author                   = {J.A.D. Appleby and M. Guzowska and C. Kelly and A. Rodkina},
  Journal                  = {Applied Mathematics and Computation},
  Year                     = {2010},
  Number                   = {2},
  Pages                    = {763--774},
  Volume                   = {217},

  ISSN                     = {0096-3003},
  Publisher                = {Elsevier}
}

@Article{arenas2008non,
  Title                    = {Non-standard numerical method for a mathematical model of RSV epidemiological transmission},
  Author                   = {A.J. Arenas and J.A. Mora{\~n}o and J.C. Cort{\'e}s},
  Journal                  = {Computers \& Mathematics with Applications},
  Year                     = {2008},
  Number                   = {3},
  Pages                    = {670--678},
  Volume                   = {56},

  Publisher                = {Elsevier}
}

@Book{arnold1974stochastic,
  Title                    = {{Stochastic differential equations: theory and applications}},
  Author                   = {L. Arnold},
  Publisher                = {Wiley-Interscience},
  Year                     = {1974},

  ISBN                     = {0471033596}
}

@Book{arnold2006ordinary,
  Title                    = {{Ordinary differential equations}},
  Author                   = {V.I. Arnold},
  Publisher                = {Springer Verlag},
  Year                     = {2006},

  ISBN                     = {3540345639}
}

@Article{balescu2007v,
  Title                    = {V-Langevin equations, continuous time random walks and fractional diffusion},
  Author                   = {Balescu, R.},
  Journal                  = {Chaos, Solitons \& Fractals},
  Year                     = {2007},
  Number                   = {1},
  Pages                    = {62--80},
  Volume                   = {34},

  Publisher                = {Elsevier}
}

@Book{bentley:1999,
  Title                    = {{P}rogramming {P}earls},
  Author                   = {J. Bentley},
  Publisher                = {Addison--Wesley},
  Year                     = {1999},

  Address                  = {Boston, MA, USA},
  Edition                  = {2nd}
}

@Book{boyce1992elementary,
  Title                    = {{Elementary differential equations and boundary value problems}},
  Author                   = {W.E. Boyce and R.C. DiPrima and D. Mitrea},
  Publisher                = {Wiley New York:},
  Year                     = {1992},

  ISBN                     = {0471509981}
}

@Article{branka1998algorithms,
  Title                    = {Algorithms for Brownian dynamics simulation},
  Author                   = {A.C. Bra{\'n}ka and D.M. Heyes},
  Journal                  = {Physical Review E},
  Year                     = {1998},
  Number                   = {2},
  Pages                    = {2611},
  Volume                   = {58},

  Publisher                = {APS}
}

@Article{branka1999blgorithms,
  Title                    = {Algorithms for Brownian dynamics computer simulations: Multivariable case},
  Author                   = {A.C. Branka and D.M. Heyes},
  Journal                  = {Physical Review E},
  Year                     = {1999},
  Number                   = {2},
  Pages                    = {2381},
  Volume                   = {60},

  Publisher                = {APS}
}

@Article{Braanka1998,
  Title                    = {Algorithms for Brownian dynamics simulation},
  Author                   = {A.C. Branka and D.M. Heyes},
  Journal                  = {Phys. Rev. E},
  Year                     = {1998},

  Month                    = {Aug},
  Pages                    = {2611--2615},
  Volume                   = {58},

  Doi                      = {10.1103/PhysRevE.58.2611},
  Issue                    = {2},
  Numpages                 = {0},
  Publisher                = {American Physical Society},
  Url                      = {http://link.aps.org/doi/10.1103/PhysRevE.58.2611}
}

@Book{bringhurst:2002,
  Title                    = {The Elements of Typographic Style},
  Author                   = {R. Bringhurst},
  Publisher                = {Hartley \& Marks, Publishers},
  Year                     = {2002},

  Address                  = {Point Roberts, WA, USA},
  Series                   = {Version 2.5}
}

@Article{buckmire2003investigations,
  Title                    = {Investigations of nonstandard, Mickens-type, finite-difference schemes for singular boundary value problems in cylindrical or spherical coordinates},
  Author                   = {Buckmire, R.},
  Journal                  = {Numerical Methods for partial Differential equations},
  Year                     = {2003},
  Number                   = {3},
  Pages                    = {380--398},
  Volume                   = {19},

  Publisher                = {Wiley Online Library}
}

@Article{Buckwar2011a,
  Title                    = {THE NUMERICAL STABILITY OF STOCHASTIC ORDINARY DIFFERENTIAL EQUATIONS WITH ADDITIVE NOISE},
  Author                   = {BUCKWAR, E. and RIEDLER, M. G. and KLOEDEN, P. E.},
  Journal                  = {Stochastics and Dynamics},
  Year                     = {2011},
  Number                   = {02n03},
  Pages                    = {265-281},
  Volume                   = {11},

  Doi                      = {10.1142/S0219493711003279},
  Eprint                   = {http://www.worldscientific.com/doi/pdf/10.1142/S0219493711003279},
  Url                      = {http://www.worldscientific.com/doi/abs/10.1142/S0219493711003279}
}

@Book{burden2010numerical,
  Title                    = {{Numerical analysis}},
  Author                   = {R.L. Burden and J.D. Faires},
  Publisher                = {Brooks/Cole Pub Co},
  Year                     = {2010},

  ISBN                     = {0538733519}
}

@Article{burrage2010note,
  Title                    = {{A note on the stability properties of the Euler methods for solving stochastic differential equations}},
  Author                   = {K. Burrage and T. Tian},
  Journal                  = {New Zealand Journal of Mathematics},
  Year                     = {2010},
  Pages                    = {115--127},
  Volume                   = {29},

  ISSN                     = {1171-6096},
  Publisher                = {New Zealand Math. Soc, \& Dept. of Maths. Univ. of Auckland}
}

@Book{butcher2008numerical,
  Title                    = {Numerical methods for ordinary differential equations},
  Author                   = {J.C. Butcher and J. Wiley},
  Publisher                = {Wiley Online Library},
  Year                     = {2008}
}

@PhdThesis{castaneda03,
  Title                    = {Estructura e interacciones efectivas en suspensiones coloidales},
  Author                   = {R. Casta{\~n}eda},
  School                   = {CINVESTAV-IPN},
  Year                     = {2003}
}

@Article{chen1998discretizations,
  Title                    = {Discretizations of nonlinear differential equations using explicit finite order methods},
  Author                   = {B. Chen and F. Solis},
  Journal                  = {Journal of computational and applied mathematics},
  Year                     = {1998},
  Number                   = {2},
  Pages                    = {171--183},
  Volume                   = {90},

  Publisher                = {Elsevier}
}

@Article{Chen2004159,
  Title                    = {Brownian Dynamics, Molecular Dynamics, and Monte Carlo modeling of colloidal systems},
  Author                   = {J. C. Chen and A. S. Kim},
  Journal                  = {Advances in Colloid and Interface Science},
  Year                     = {2004},
  Number                   = {1-3},
  Pages                    = {159--173},
  Volume                   = {112},

  Doi                      = {DOI: 10.1016/j.cis.2004.10.001},
  ISSN                     = {0001-8686},
  Keywords                 = {Brownian Dynamics},
  Keywords1                = {Molecular Dynamics},
  Keywords2                = {Monte Carlo},
  Keywords3                = {Inter-particle interaction},
  Keywords4                = {Diffusivity},
  Keywords5                = {Stochastic force},
  Keywords6                = {Verlet algorithm},
  Keywords7                = {Langevin equation},
  Keywords8                = {Metropolis method},
  Url                      = {http://www.sciencedirect.com/science/article/pii/S0001868604000715}
}

@Article{Chen2003,
  Title                    = {Nonstandard discretizations of the generalized Nagumo reaction-diffusion equation},
  Author                   = {Z. Chen and A .B. Gumel and R. E. Mickens},
  Journal                  = {Nonstandard discretizations of the generalized Nagumo reaction-diffusion equation},
  Year                     = {2003},
  Pages                    = {363-369},
  Volume                   = {19},

  Owner                    = {salami},
  Timestamp                = {2011.07.10}
}

@Book{cormen:2001,
  Title                    = {{I}ntroduction to {A}lgorithms},
  Author                   = {T. H. Cormen and C. E. Leiserson and R.L. Rivest and C. Stein},
  Publisher                = {The MIT Press},
  Year                     = {2001},

  Address                  = {Cambridge, MA, USA},
  Edition                  = {2nd}
}

@Book{cyganowski2002elementary,
  Title                    = {{From elementary probability to stochastic differential equations with MAPLE}},
  Author                   = {S. Cyganowski and P. E. Kloeden and J. Ombach},
  Publisher                = {Springer},
  Year                     = {2002},

  ISBN                     = {3540426663}
}

@Article{ErmakMcCammon,
  Title                    = {Brownian dynamics with hydrodynamic interactions},
  Author                   = {D. L. Ermak, J. A. McCammon},
  Journal                  = {J. Chern. Phys.},
  Year                     = {1978},

  Month                    = aug,
  Number                   = {4},
  Volume                   = {69}
}

@Book{dahlquist2008numerical,
  Title                    = {{Numerical Methods in Scientific Computing: Volume 1}},
  Author                   = {G. Dahlquist},
  Publisher                = {Society for Industrial and Applied Mathematics Philadelphia, PA, USA},
  Year                     = {2008},

  ISBN                     = {0898716446}
}

@Article{de2010high,
  Title                    = {{High order local linearization methods: An approach for constructing A-stable explicit schemes for stochastic differential equations with additive noise}},
  Author                   = {C. {De La Cruz} and others},
  Journal                  = {BIT},
  Year                     = {2010},
  Number                   = {3},
  Pages                    = {509--539},
  Volume                   = {50},

  ISSN                     = {0006-3835},
  Publisher                = {Springer}
}

@PhdThesis{Demontis,
  Title                    = {Molecular Dynamics simulations of reactive and diffusive processes in different zeolite structures},
  Author                   = {P. Demontis},
  School                   = {Universit`a degli Studi di Sassari Dipartimento di Chimica}
}

@Book{dhont1996introduction,
  Title                    = {An introduction to dynamics of colloids},
  Author                   = {J. K. G. Dhont},
  Publisher                = {Elsevier Science},
  Year                     = {1996},
  Volume                   = {2}
}

@Booklet{DhoGomNaeRicWin,
  Title                    = {Soft Matter. From Synthetic to Biological Materials Lecture Notes of 39th IFF Spring School 2008.},
  Author                   = {J. K. G. Dhont and G. Gompper and G. N{\"a}gele and D. Richter and R. G. Winkler},
  Year                     = {2008}
}

@Article{dimitrov2008nonstandard,
  Title                    = {Nonstandard finite-difference methods for predator-prey models with general functional response},
  Author                   = {D.T. Dimitrov and H.V. Kojouharov},
  Journal                  = {Mathematics and Computers in Simulation},
  Year                     = {2008},
  Number                   = {1},
  Pages                    = {1--11},
  Volume                   = {78},

  Publisher                = {Elsevier}
}

@Book{dueck:trio,
  Title                    = {Dueck's Trilogie: Omnisophie -- Supramanie -- Topothesie},
  Author                   = {G. Dueck},
  Publisher                = {Springer, Berlin},
  Year                     = {2005},
  Note                     = {\url{http://www.omnisophie.com}}
}

@Book{feller1971introduction,
  Title                    = {{An introduction to probability theory and its applications, Vols. 1 and 2}},
  Author                   = {W. Feller},
  Publisher                = {Wiley, New York},
  Year                     = {1971}
}

@Book{frenkel2002understanding,
  Title                    = {Understanding molecular simulation: from algorithms to applications},
  Author                   = {D. Frenkel and B. Smit},
  Publisher                = {Academic Press},
  Year                     = {2002}
}

@Book{galaz06ElementosdeanalisisFuncional,
  Title                    = {Elementos de an{\'a}lisis Funcional},
  Author                   = {F. Galaz},
  Publisher                = {Cimat A.C.},
  Year                     = {2006},

  ISBN                     = {9685733074}
}

@Book{Galaz02,
  Title                    = {Medida e integral de Lebesgue en $R^N$},
  Author                   = {F. Galaz},
  Publisher                = {oxford},
  Year                     = {2002},

  ISBN                     = {9706137033}
}

@Book{gardiner1985handbook,
  Title                    = {{Handbook of stochastic methods}},
  Author                   = {C.W. Gardiner},
  Publisher                = {Springer Berlin},
  Year                     = {1985},

  ISBN                     = {3540156070}
}

@Article{Gumel2004,
  Title                    = {Effect of a preventive vaccine on the dynamics of the HIV transmission},
  Author                   = {A. B. Gumel and S. M. Maghadas and R. E. Mickens},
  Journal                  = {Communications in Nonlinear Science and Numerical Simulation},
  Year                     = {2004},
  Pages                    = {649-659},
  Volume                   = {9},

  Owner                    = {salami},
  Timestamp                = {2011.07.10}
}

@Book{hartman2002ordinary,
  Title                    = {{Ordinary Differential Equations, Classics in Applied Mathematics, 38}},
  Author                   = {P. Hartman},
  Publisher                = {SIAM},
  Year                     = {2002},

  Journal                  = {Society for Industrial and Applied Mathematics (SIAM), Philadelphia, PA}
}

@Misc{Paulina10,
  Title                    = {Aplicaci{\'o}n de algoritmos de din{\'a}mica Browniana lineales y no-lineales en el tiempo para el estudio de sistemas coloidales bi-dimensionales},

  Author                   = {P. A. I. Hern{\'a}ndez},
  Year                     = {2010},

  School                   = {Universidad de Guanajuato Divisi{\'o}n de Ciencias e Ingenierias Campus Le{\'o}n},
  Type                     = {tesis}
}

@Article{hernandez1992stability,
  Title                    = {{A-stability of Runge-Kutta methods for systems with additive noise}},
  Author                   = {D. B. Hernandez and R. Spigler},
  Journal                  = {BIT Numerical Mathematics},
  Year                     = {1992},
  Number                   = {4},
  Pages                    = {620--633},
  Volume                   = {32},

  ISSN                     = {0006-3835},
  Publisher                = {Springer}
}

@PhdThesis{Velarde:2008,
  Title                    = {Suspensiones coloidales en presencia de campos externos.},
  Author                   = {S. Herrera},
  School                   = {IFUG},
  Year                     = {2008}
}

@Article{herrera2010ordering,
  Title                    = {{Ordering and single-file diffusion in colloidal systems}},
  Author                   = {S. Herrera and A. Zamudio and R. Casta{\~n}eda},
  Journal                  = {The Journal of chemical physics},
  Year                     = {2010},
  Pages                    = {114902},
  Volume                   = {133}
}

@Book{higham2002accuracy,
  Title                    = {{Accuracy and stability of numerical algorithms}},
  Author                   = {D. J. Higham},
  Publisher                = {Society for Industrial Mathematics},
  Year                     = {2002},

  ISBN                     = {0898715210}
}

@Article{Higham:2001:MASSTM,
  Title                    = {Mean-Square and Asymptotic Stability of the Stochastic Theta Method},
  Author                   = {D. J. Higham},
  Journal                  = {SIAM Journal on Numerical Analysis},
  Year                     = {2001},
  Number                   = {3},
  Pages                    = {753--769},
  Volume                   = {38}
}

@Article{Higham01,
  Title                    = {An Algorithmic Introduction to Numerical Simulation of Stochastic Differential Equations},
  Author                   = {D. J. Higham},
  Journal                  = {SIAM Review},
  Year                     = {2001},

  Month                    = sep,
  Number                   = {3},
  Pages                    = {525--546},
  Volume                   = {43},

  Url                      = {http://www.jstor.org/stable/3649798 }
}

@Article{higham2000stability,
  Title                    = {{A-stability and stochastic mean-square stability}},
  Author                   = {D. J. Higham},
  Journal                  = {BIT Numerical Mathematics},
  Year                     = {2000},
  Number                   = {2},
  Pages                    = {404--409},
  Volume                   = {40},

  ISSN                     = {0006-3835},
  Publisher                = {Springer}
}

@Article{higham2003strong,
  Title                    = {{Strong convergence of Euler-type methods for nonlinear stochastic differential equations}},
  Author                   = {D. J. Higham and X. Mao and A. M. Stuart},
  Journal                  = {SIAM Journal on Numerical Analysis},
  Year                     = {2003},
  Number                   = {3},
  Pages                    = {1041--1063},
  Volume                   = {40},

  ISSN                     = {0036-1429},
  Publisher                = {JSTOR}
}

@Article{honeycutt1992stochastic,
  Title                    = {{Stochastic runge-kutta algorithms. I. White noise}},
  Author                   = {R. L. Honeycutt},
  Journal                  = {Physical Review A},
  Year                     = {1992},
  Number                   = {2},
  Pages                    = {600--603},
  Volume                   = {45},

  ISSN                     = {1050-2947}
}

@Book{hutzenthaler2015numerical,
  Title                    = {Numerical approximations of stochastic differential equations with non-globally Lipschitz continuous coefficients},
  Author                   = {Hutzenthaler, Martin and Jentzen, Arnulf},
  Publisher                = {American Mathematical Society},
  Year                     = {2015},
  Number                   = {1112},
  Volume                   = {236}
}

@Book{iacus08,
  Title                    = {Simulation and Inference for Stochastic Differential Equations With R Examples},
  Author                   = {S. M. Iacus},
  Publisher                = {Springer},
  Year                     = {2008},
  Edition                  = {First},

  ISBN                     = {9780387758381}
}

@Article{ibijola2008nonstandard,
  Title                    = {{On nonstandard finite difference schemes for initial value problems in ordinary differential equations}},
  Author                   = {E.A. Ibijola and J. M. S. Lubuma and O.A. Ade},
  Journal                  = {International Journal of Physical Sciences},
  Year                     = {2008},
  Number                   = {2},
  Pages                    = {059--064},
  Volume                   = {3},

  ISSN                     = {1992-1950},
  Publisher                = {Academic Journals}
}

@Article{jodar2008nonstandard,
  Title                    = {Nonstandard numerical methods for a mathematical model for influenza disease},
  Author                   = {L. J{\'o}dar and R.J. Villanueva and A.J. Arenas and G.C. Gonz{\'a}lez},
  Journal                  = {Mathematics and Computers in Simulation},
  Year                     = {2008},
  Number                   = {3},
  Pages                    = {622--633},
  Volume                   = {79},

  Publisher                = {Elsevier}
}

@Article{Silvia011,
  Title                    = {Nonstandard Lagrange-Burman Methods for the Numerical Integration of Differential Equations.},
  Author                   = {S. Jerez},
  Journal                  = {Journal of Difference Equations and Applications.},
  Year                     = {2011},
  Note                     = {Article accepted for publication},

  HowPublished             = {preprint},
  Owner                    = {salami},
  Timestamp                = {2011.06.23}
}

@Article{jimenez1999simulation,
  Title                    = {{Simulation of stochastic differential equations through the local linearization method. A comparative study}},
  Author                   = {J.C. Jimenez and I. Shoji and T. Ozaki},
  Journal                  = {Journal of statistical physics},
  Year                     = {1999},
  Number                   = {3},
  Pages                    = {587--602},
  Volume                   = {94},

  ISSN                     = {0022-4715},
  Publisher                = {Springer}
}

@Book{karatzas1998brownian,
  Title                    = {{Brownian motion and stochastic calculus}},
  Author                   = {I. Karatzas and S.E. Shreve},
  Publisher                = {Springer},
  Year                     = {1998},

  ISBN                     = {0387976558}
}

@Book{KloedenPllaten,
  Title                    = {Numerical Solution of Stochastic Differential Equations},
  Author                   = {P. E. Kloeden and E. Platen},
  Publisher                = {Springer-Verlag},
  Year                     = {1991},
  Month                    = may,
  Series                   = {Applications of Matematics}
}

@Article{kloeden1989survey,
  Title                    = {{A survey of numerical methods for stochastic differential equations}},
  Author                   = {P. E. Kloeden and E. Platen},
  Journal                  = {Stochastic Hydrology and hydraulics},
  Year                     = {1989},
  Number                   = {3},
  Pages                    = {155--178},
  Volume                   = {3},

  ISSN                     = {0931-1955},
  Publisher                = {Springer}
}

@Article{knuth:1976,
  Title                    = {{B}ig {O}micron and {B}ig {O}mega and {B}ig {T}heta},
  Author                   = {D. E. Knuth},
  Journal                  = {SIGACT News},
  Year                     = {1976},

  Month                    = {April/June},
  Number                   = {2},
  Pages                    = {18--24},
  Volume                   = {8},

  Address                  = {New York, NY, USA},
  Publisher                = {ACM Press}
}

@Article{knuth:1974,
  Title                    = {{C}omputer {P}rogramming as an {A}rt},
  Author                   = {D. E. Knuth},
  Journal                  = {Communications of the ACM},
  Year                     = {1974},

  Month                    = {December },
  Number                   = {12},
  Pages                    = {667--673},
  Volume                   = {17},

  Address                  = {New York, NY, USA},
  Publisher                = {ACM Press}
}

@Article{kojouharov2004generalized,
  Title                    = {Generalized nonstandard numerical methods for nonlinear advection-diffusion-reaction equations},
  Author                   = {H.V. Kojouharov and B.D. Welfert},
  Journal                  = {Large-Scale Scientific Computing},
  Year                     = {2004},
  Pages                    = {83--103},

  Publisher                = {Springer}
}

@PhdThesis{Kollmann:2001,
  Title                    = {Dynamics and Microstructure of Interacting Brownian Particle Systems: Electrokinetic Effects, (Quasi)-Two-Dimensional Systems and Sphere Caging},
  Author                   = {M. Kollmann},
  School                   = {Universit{\"a}t Konstanz, Fakulta{\"a}t f{\"u}r Physik},
  Year                     = {2001}
}

@Article{komori1994some,
  Title                    = {{Some issues in discrete approximate solution for stochastic differential equations}},
  Author                   = {Y. Komori and Y. Saito and T. Mitsui},
  Journal                  = {Computers \& Mathematics with Applications},
  Year                     = {1994},
  Number                   = {10-12},
  Pages                    = {269--278},
  Volume                   = {28},

  ISSN                     = {0898-1221},
  Publisher                = {Elsevier}
}

@Book{leveque2007finite,
  Title                    = {Finite difference methods for ordinary and partial differential equations},
  Author                   = {R.J. LeVeque},
  Publisher                = {Society for Industrial and Applied Mathematics},
  Year                     = {2007}
}

@Book{mao2008stochastic,
  Title                    = {{Stochastic differential equations and applications}},
  Author                   = {X. Mao},
  Publisher                = {Horwood Pub Ltd},
  Year                     = {1997},

  ISBN                     = {1898563268}
}

@Book{marsden1993elementary,
  Title                    = {Elementary classical analysis},
  Author                   = {J.E. Marsden and M. J. Hoffman},
  Publisher                = {WH Freeman},
  Year                     = {1993}
}

@Article{matus2005exact,
  Title                    = {Exact difference schemes for time-dependent problems},
  Author                   = {P. Matus and U. Irkhin and M. Lapinska},
  Journal                  = {Computational Methods In Applied Mathematics},
  Year                     = {2005},
  Number                   = {4},
  Pages                    = {422},
  Volume                   = {5},

  ISSN                     = {1609-4840},
  Publisher                = {Institue of Mathematics National Academy of Sciences}
}

@Article{mickens2004positivity,
  Title                    = {A positivity-preserving nonstandard finite difference scheme for the damped wave equation},
  Author                   = {Mickens, R.E. and Jordan, PM},
  Journal                  = {Numerical Methods for Partial Differential Equations},
  Year                     = {2004},
  Number                   = {5},
  Pages                    = {639--649},
  Volume                   = {20},

  Publisher                = {Wiley Online Library}
}

@Article{mickens2007calculation,
  Title                    = {Calculation of denominator functions for nonstandard finite difference schemes for differential equations satisfying a positivity condition},
  Author                   = {R. E. Mickens},
  Journal                  = {Numerical Methods for Partial Differential Equations},
  Year                     = {2007},
  Number                   = {3},
  Pages                    = {672--691},
  Volume                   = {23},

  ISSN                     = {1098-2426},
  Publisher                = {Wiley Online Library}
}

@Book{Mickens,
  Title                    = {Advances s in the Applications of Nonstandard Finite Difference Schemes},
  Author                   = {R. E. Mickens},
  Publisher                = {World Scientific},
  Year                     = {2005},

  Booktitle                = {Advances s in the Applications of Nonstandard Finite Difference Schemes}
}

@Article{mickens2003non,
  Title                    = {A non-standard finite difference scheme for the equations modelling stellar structure},
  Author                   = {R. E. Mickens},
  Journal                  = {Journal of sound and vibration},
  Year                     = {2003},
  Number                   = {5},
  Pages                    = {1116--1120},
  Volume                   = {265},

  Publisher                = {Elsevier}
}

@Book{mickens2000applications,
  Title                    = {Applications of nonstandard finite difference schemes},
  Author                   = {R. E. Mickens},
  Publisher                = {World Scientific Pub Co Inc},
  Year                     = {2000}
}

@Book{mickens1994nonstandard,
  Title                    = {Nonstandard finite difference models of differential equations},
  Author                   = {R. E. Mickens},
  Publisher                = {World Scientific Pub Co Inc},
  Year                     = {1994},

  ISBN                     = {9810214588}
}

@Article{Mickens1989,
  Title                    = {Exact solutions to a finite-difference model of a nonlinear reaction-advection equation: Implications for numerical analysis},
  Author                   = {R. E. Mickens},
  Journal                  = {Numerical Methods for Partial Differential Equations},
  Year                     = {1989},
  Pages                    = {313-325},
  Volume                   = {5},

  Owner                    = {salami},
  Timestamp                = {2011.07.10}
}

@Article{mickens1989exact,
  Title                    = {Exact solutions to a finite-difference model of a nonlinear reaction-advection equation: Implications for numerical analysis},
  Author                   = {R. E. Mickens},
  Journal                  = {Numerical Methods for Partial Differential Equations},
  Year                     = {1989},
  Number                   = {4},
  Pages                    = {313--325},
  Volume                   = {5},

  Publisher                = {Wiley Online Library}
}

@Article{mickens1988difference,
  Title                    = {Difference equation models of differential equations},
  Author                   = {R. E. Mickens},
  Journal                  = {Mathematical and Computer Modelling},
  Year                     = {1988},
  Pages                    = {528--530},
  Volume                   = {11},

  Publisher                = {Elsevier}
}

@Article{mickens84,
  Title                    = {Difference equation models of differential equations having zero local truncation error, in differential equations},
  Author                   = {R. E. Mickens},
  Journal                  = {Differential Equations},
  Year                     = {1984},
  Pages                    = {445--449},

  Publisher                = {North Holland}
}

@Book{MoSzTeZo08,
  Title                    = {Stochastic Differential Equations: Models and Numerics},
  Author                   = {K. S. Moon and A. Szepessy and R. Tempone and G. Zouraris},
  Publisher                = {Independiente},
  Year                     = {2008}
}

@Book{nemytskii1989qualitative,
  Title                    = {{Qualitative theory of differential equations}},
  Author                   = {V.V. Nemytskii and V.V. Stepanov},
  Publisher                = {Dover Pubns},
  Year                     = {1989},

  ISBN                     = {0486659542}
}

@Book{Nualart,
  Title                    = {C{\'a}lculo estoc{\'a}stico},
  Author                   = {D. Nualart},
  Publisher                = {Independiente},
  Year                     = {2002},

  Institution              = {Universitat de Barcelona}
}

@Misc{pathriastatistical,
  Title                    = {{Statistical mechanics, 1996}},

  Author                   = {R.K. Pathria},
  Year                     = {1996},

  Publisher                = {Butterworth Heinemann, Oxford, UK}
}

@Article{patidar2005use,
  Title                    = {{On the use of nonstandard finite difference methods}},
  Author                   = {K.C. Patidar},
  Journal                  = {Journal of Difference Equations and Applications},
  Year                     = {2005},
  Number                   = {8},
  Pages                    = {735--758},
  Volume                   = {11},

  ISSN                     = {1023-6198},
  Publisher                = {Taylor \& Francis}
}

@Book{perko2001differential,
  Title                    = {{Differential equations and dynamical systems}},
  Author                   = {L. Perko},
  Publisher                = {Springer Verlag},
  Year                     = {2001},

  ISBN                     = {0387951164}
}

@Booklet{Rincn07,
  Title                    = {Introducci{\'o}n a los PROCESOS ESTOC{\'A}STICOS},
  Author                   = {L. Rinc{\'o}n},
  Year                     = {2007},

  Publisher                = {Independiente}
}

@Book{rincon2007curso,
  Title                    = {{Curso intermedio de PROBABILIDAD}},
  Author                   = {L. Rinc{\'o}n},
  Publisher                = {UNAM, Facultad de Ciencias},
  Year                     = {2007},

  ISBN                     = {9703242693}
}

@Booklet{saitostability,
  Title                    = {Stability analysis of numerical methods for stochastic systems with additive noise},
  Author                   = {Saito, Y.}
}

@Article{saito2002mean,
  Title                    = {{Mean-square stability of numerical schemes for stochastic differential systems}},
  Author                   = {Y. Saito and T. Mitsui},
  Journal                  = {Vietnam J. Math},
  Year                     = {2002},
  Pages                    = {551--560},
  Volume                   = {30}
}

@Article{saito1996stability,
  Title                    = {{Stability analysis of numerical schemes for stochastic differential equations}},
  Author                   = {Y. Saito and T. Mitsui},
  Journal                  = {SIAM Journal on Numerical Analysis},
  Year                     = {1996},
  Number                   = {6},
  Pages                    = {2254--2267},
  Volume                   = {33},

  ISSN                     = {0036-1429},
  Publisher                = {JSTOR}
}

@Article{Schurz2007,
  Title                    = { MODELING, ANALYSIS AND DISCRETIZATION OF STOCHASTIC LOGISTIC EQUATIONS},
  Author                   = {Henri Schurz},
  Journal                  = {International Journal of Numerical Analysis and Modeling},
  Year                     = {2007},
  Number                   = {2},
  Pages                    = {178-197},
  Volume                   = {4}
}

@Article{solis2004nonstandard,
  Title                    = {{Nonstandard discrete approximationspreserving stability properties of continuous mathematical models}},
  Author                   = {F.J. Solis and B. Chen},
  Journal                  = {Mathematical and computer modelling},
  Year                     = {2004},
  Number                   = {5-6},
  Pages                    = {481--490},
  Volume                   = {40},

  ISSN                     = {0895-7177},
  Publisher                = {Elsevier}
}

@Book{sommerville:1992,
  Title                    = {{S}oftware {E}ngineering},
  Author                   = {I. Sommerville},
  Publisher                = {Addison-Wesley},
  Year                     = {1992},

  Address                  = {Boston, MA, USA},
  Edition                  = {4th}
}

@Article{RevModPhys.60.161,
  Title                    = {Two-dimensional melting},
  Author                   = {K. J. Strandburg},
  Journal                  = {Rev. Mod. Phys.},
  Year                     = {1988},

  Month                    = {Jan},
  Number                   = {1},
  Pages                    = {161--207},
  Volume                   = {60},

  Doi                      = {10.1103/RevModPhys.60.161},
  Numpages                 = {46},
  Publisher                = {American Physical Society}
}

@Article{toral2002Ruimasruiporfav,
  Title                    = {Ruido, m{\'a}s ruido, por favor},
  Author                   = {R. Toral},
  Journal                  = {Revista Espa{\~n}ola de F{\'i}sica},
  Year                     = {2002},
  Number                   = {1},
  Volume                   = {16}
}

@Article{ToraMigu97:Stocheffecphysysyste,
  Title                    = {Stochastic effects in physycal systems},
  Author                   = {R. Toral and M. S. Miguel},
  Journal                  = {Inestabilities and Nonequilibrium Structures,},
  Year                     = {1997},

  Booktitle                = {I nstabilities and Nonequilibrium Structures}
}

@Article{villanueva2008nonstandard,
  Title                    = {A Nonstandard Dynamically Consistent Numerical Scheme Applied to Obesity Dynamics},
  Author                   = {R.J. Villanueva and A.J. Arenas and G. Gonz{\'a}lez},
  Journal                  = {Journal of Applied Mathematics},
  Year                     = {2008}
}

@Article{zahn1997hydrodynamic,
  Title                    = {{Hydrodynamic interactions may enhance the self-diffusion of colloidal particles}},
  Author                   = {K. Zahn and J. M. M{\'e}ndez and G. Maret},
  Journal                  = {Physical review letters},
  Year                     = {1997},
  Number                   = {1},
  Pages                    = {175--178},
  Volume                   = {79},

  ISSN                     = {1079-7114},
  Publisher                = {APS}
}

