




@article{doi:10.1142/S0219493711003279,
author = {BUCKWAR, E. and RIEDLER, M. G. and KLOEDEN, P. E.},
title = {THE NUMERICAL STABILITY OF STOCHASTIC ORDINARY DIFFERENTIAL EQUATIONS WITH ADDITIVE NOISE},
journal = {Stochastics and Dynamics},
volume = {11},
number = {02n03},
pages = {265-281},
year = {2011},
doi = {10.1142/S0219493711003279},

URL = {http://www.worldscientific.com/doi/abs/10.1142/S0219493711003279},
eprint = {http://www.worldscientific.com/doi/pdf/10.1142/S0219493711003279}
}


